<?xml version="1.0" encoding="UTF-8"?><collection xmlns="http://www.loc.gov/MARC21/slim"><record><leader>00437nam--2200157-i-4500</leader><controlfield tag="001">000027101</controlfield><controlfield tag="002">20161230</controlfield><controlfield tag="005">20170127211159</controlfield><controlfield tag="008">060222s1000------------r-----000-0-eng-d</controlfield><datafield ind1=" " ind2=" " tag="080"><subfield code="a">5:001</subfield></datafield><datafield ind1=" " ind2=" " tag="245"><subfield code="a">Istoria generala a stiintei. Stiinta contemporana. Secolul al xx-lea</subfield></datafield><datafield ind1=" " ind2=" " tag="260"><subfield code="a">Bucuresti</subfield><subfield code="b">Editura Stiintifica Si Enciclopedica</subfield><subfield code="c">1976</subfield></datafield><datafield ind1=" " ind2=" " tag="300"><subfield code="a">1094 p</subfield></datafield><datafield ind1=" " ind2=" " tag="700"><subfield code="a">Rene, Taton</subfield></datafield><datafield ind1=" " ind2=" " tag="852"><subfield code="a">34466</subfield></datafield><datafield ind1=" " ind2=" " tag="CAT"><subfield code="a">SYS</subfield><subfield code="c">20170127</subfield><subfield code="h">211159</subfield></datafield></record></collection>